@TECHREPORT{Pandey_Pulastya,
   	author = {Pandey, B. N. and Bandyopadhyay, Pulastya},
   	title = {Bayesian Estimation of the Inverse-{Gaussian} Distribution},
   	year = {2012},
   	institution = {Department of Statistics, Banaras Hindu University},
   	address = {Varanasi, India}
   }

@BOOK{McNeil,
	author = {McNeil, Alexander J. and Frey, R\"udiger and Paul Embrechts},
	title = {Quantitative Risk Management: Concepts, Techniques and Tools},
	year = {1967},
	publisher = {Princeton University Press},
	address = {New Jersey}
}

@BOOK{AbramowitzStegun_Handbook,
	author = {Abramowitz, Milton and Stegun, Irene~A.},
	title = {Handbook of Mathematical Functions with Formulas, Graphs, and Mathematical Tables},
	year = {1964},
	publisher = {US National Bureau of Standards},
	address = {New York}
}

@book{Ross_Book,
	author 		= "Ross, Sheldon",
	title 		= "A First Course in Probability",
	year 		= "1976",
	publisher 	= "Pearson/Prentice Hall",
	address 	= "New York"
}

@BOOK{Everitt,
	author = {Everitt, Brian and Hothorn, Torsten},
	title = {An Introduction to Applied Multivariate Analysis with R},
	year = {1967},
	publisher = {Springer}
}

@ARTICLE{Bandorff_Nielsen,
	author = {O.Barndorff-Nielsen, J.Kent,M.Sorensen},
	title = {Normal Variance-Mean Mixtures and z-Distributions},
	year = {1982},
	journal = {International Statistical Review},
	volume = {50},
	number = {2},
	pages = {145-159} 	
}

@ARTICLE{Hindawi,
	author = {Socgnia, Virgine Konlack and Wilcox, Diane},
	title = {A Comparison of Generalized Hyperbolic Distribution Models for Equity Returns},
	year = {2014},
	journal = {Journal of Applied Mathematics},
	number = {263465} 
}

@ARTICLE{Amado,
	author = {Peir\'o, Amado},
	title = {Skewness in Financial Returns},
	year = {1998},
	publisher = {Journal of Banking and Finance}.
	volume = {23},
	number = {6},
	pages = {847â€“862}
}

@article{einstein,
    author =       "Albert Einstein",
    title =        "{Zur Elektrodynamik bewegter K{\"o}rper}. ({German})
        [{On} the electrodynamics of moving bodies]",
    journal =      "Annalen der Physik",
    volume =       "322",
    number =       "10",
    pages =        "891--921",
    year =         "1905",
    DOI =          "http://dx.doi.org/10.1002/andp.19053221004"
}
 
@book{latexcompanion,
    author    = "Michel Goossens and Frank Mittelbach and Alexander Samarin",
    title     = "The \LaTeX\ Companion",
    year      = "1993",
    publisher = "Addison-Wesley",
    address   = "Reading, Massachusetts"
}
 
@misc{knuthwebsite,
    author    = "Donald Knuth",
    title     = "Knuth: Computers and Typesetting",
    url       = "http://www-cs-faculty.stanford.edu/\~{}uno/abcde.html"
}
